../../Papers/SIAM_2013/sph.bib